TEAM_ID,MISSION_TIME,PACKET_COUNT,MODE,STATE,ALTITUDE,TEMPERATURE,PRESSURE,VOLTAGE,GYRO_R,GYRO_P,GYRO_Y,ACCEL_R,ACCEL_P,ACCEL_Y,MAG_R,MAG_P,MAG_Y,AUTO_GYRO_ROTATION_RATE,GPS_TIME,GPS_ALTITUDE,GPS_LATITUDE,GPS_LONGITUDE,GPS_SATS,CMD_ECHO
3141,18:47:03,1,F,LAUNCH_PAD,0.1,20.6,101.3,0.0,-2.1,2.0,-0.8,0.1,-0.0,1.0,0.3,-0.2,-0.3,0.0,18:46:46,0.0,0.0,0.0,0,N/A
3141,18:47:04,2,F,LAUNCH_PAD,-0.0,20.6,101.3,0.0,-2.1,2.2,-0.5,0.1,-0.0,1.0,0.3,-0.2,-0.3,0.0,18:46:47,0.0,0.0,0.0,0,N/A
3141,18:47:05,3,F,LAUNCH_PAD,0.1,20.6,101.3,0.0,-2.1,2.1,-0.7,0.1,-0.0,1.0,0.3,-0.2,-0.3,0.0,18:46:48,0.0,0.0,0.0,0,N/A
3141,18:47:06,4,F,LAUNCH_PAD,0.2,20.6,101.3,0.0,-2.0,2.0,-0.7,0.1,-0.0,1.0,0.3,-0.2,-0.3,0.0,18:46:49,0.0,0.0,0.0,0,N/A
3141,18:47:07,5,F,LAUNCH_PAD,0.1,20.6,101.3,0.0,-2.0,2.0,-0.6,0.1,-0.0,1.0,0.3,-0.2,-0.3,0.0,18:46:50,0.0,0.0,0.0,0,N/A
3141,18:47:08,6,F,LAUNCH_PAD,-0.1,20.6,101.3,0.0,-2.1,2.1,-0.7,0.1,-0.0,1.0,0.3,-0.2,-0.3,0.0,18:46:51,0.0,0.0,0.0,0,N/A
3141,18:47:09,7,F,LAUNCH_PAD,-0.2,20.6,101.3,0.0,-2.0,2.0,-0.8,0.1,-0.0,1.0,0.3,-0.2,-0.3,0.0,18:46:52,0.0,0.0,0.0,0,N/A
3141,18:47:10,8,F,LAUNCH_PAD,-0.2,20.6,101.3,0.0,-2.1,2.1,-0.8,0.1,-0.0,1.0,0.3,-0.2,-0.3,0.0,18:46:53,0.0,0.0,0.0,0,N/A
3141,18:47:11,9,F,LAUNCH_PAD,-0.0,20.6,101.3,0.0,-2.1,2.0,-0.6,0.1,-0.0,1.0,0.3,-0.2,-0.3,0.0,18:46:54,0.0,0.0,0.0,0,N/A
3141,18:47:12,10,F,LAUNCH_PAD,-0.1,20.6,101.3,0.0,-2.1,1.9,-0.7,0.1,-0.0,1.0,0.3,-0.2,-0.3,0.0,18:46:55,0.0,0.0,0.0,0,N/A
3141,18:47:13,11,F,LAUNCH_PAD,-0.0,20.6,101.3,0.0,-2.0,1.9,-0.7,0.1,-0.0,1.0,0.3,-0.2,-0.3,0.0,18:46:56,0.0,0.0,0.0,0,N/A
3141,18:47:14,12,F,LAUNCH_PAD,-0.1,20.6,101.3,0.0,-2.1,2.0,-0.6,0.1,-0.0,1.0,0.3,-0.2,-0.3,0.0,18:46:57,0.0,0.0,0.0,0,N/A
3141,18:47:15,13,F,LAUNCH_PAD,-0.1,20.6,101.3,0.0,-1.9,2.2,-0.7,0.1,-0.0,1.0,0.3,-0.2,-0.3,0.0,18:46:58,0.0,0.0,0.0,0,N/A
3141,18:47:16,14,F,LAUNCH_PAD,-0.2,20.6,101.3,0.0,-2.2,2.0,-0.8,0.1,-0.0,1.0,0.3,-0.2,-0.3,0.0,18:46:59,0.0,0.0,0.0,0,N/A
3141,18:47:17,15,F,LAUNCH_PAD,0.1,20.6,101.3,0.0,-1.9,2.1,-0.8,0.1,-0.0,1.0,0.3,-0.2,-0.3,0.0,18:47:00,0.0,0.0,0.0,0,N/A
3141,18:47:18,16,F,LAUNCH_PAD,-0.4,20.6,101.3,0.0,-2.1,1.9,-0.8,0.1,-0.0,1.0,0.3,-0.2,-0.3,0.0,18:47:01,0.0,0.0,0.0,0,SIMENABLE
3141,18:47:19,17,F,DESCENDING,0.0,20.6,101.3,0.0,-2.0,1.8,-0.8,0.1,-0.0,1.0,0.3,-0.2,-0.3,0.0,18:47:02,0.0,0.0,0.0,0,SIMENABLE
3141,18:47:20,18,S,LANDED,0.0,20.6,101.3,0.0,-2.0,1.8,-0.8,0.1,-0.0,1.0,0.3,-0.2,-0.3,0.0,18:47:02,0.0,0.0,0.0,0,SIMACTIVATE
3141,18:47:21,19,S,DESCENDING,-5.3,20.6,101.3,0.0,-2.0,2.2,-0.7,0.1,-0.0,1.0,0.3,-0.2,-0.3,0.0,18:47:03,0.0,0.0,0.0,0,SIMP101325
3141,18:47:22,20,S,ASCENDING,1.6,20.6,101.2,0.0,-2.0,2.0,-0.8,0.1,-0.0,1.0,0.3,-0.2,-0.3,0.0,18:47:04,0.0,0.0,0.0,0,SIMP101242
3141,18:47:23,21,S,ASCENDING,8.6,20.6,101.2,0.0,-1.9,1.8,-0.7,0.1,-0.0,1.0,0.3,-0.2,-0.3,0.0,18:47:05,0.0,0.0,0.0,0,SIMP101158
3141,18:47:24,22,S,ASCENDING,15.5,20.6,101.1,0.0,-2.1,1.9,-0.6,0.1,-0.0,1.0,0.3,-0.2,-0.3,0.0,18:47:06,0.0,0.0,0.0,0,SIMP101075
3141,18:47:25,23,S,ASCENDING,22.4,20.6,101.0,0.0,-2.1,1.9,-0.7,0.1,-0.0,1.0,0.3,-0.2,-0.3,0.0,18:47:06,0.0,0.0,0.0,0,SIMP100992
3141,18:47:26,24,S,ASCENDING,29.4,20.6,100.9,0.0,-2.2,2.0,-0.5,0.1,-0.0,1.0,0.3,-0.2,-0.3,0.0,18:47:07,0.0,0.0,0.0,0,SIMP100909
3141,18:47:27,25,S,ASCENDING,36.3,20.6,100.8,0.0,-2.0,2.1,-0.8,0.1,-0.0,1.0,0.3,-0.2,-0.3,0.0,18:47:08,0.0,0.0,0.0,0,SIMP100826
3141,18:47:28,26,S,ASCENDING,43.3,20.6,100.7,0.0,-2.0,2.1,-0.7,0.1,-0.0,1.0,0.3,-0.2,-0.3,0.0,18:47:09,0.0,0.0,0.0,0,SIMP100743
3141,18:47:29,27,S,ASCENDING,50.2,20.6,100.7,0.0,-2.0,1.8,-0.7,0.1,-0.0,1.0,0.3,-0.2,-0.3,0.0,18:47:10,0.0,0.0,0.0,0,SIMP100660
3141,18:47:30,28,S,ASCENDING,57.1,20.6,100.6,0.0,-2.0,2.1,-0.6,0.1,-0.0,1.0,0.3,-0.2,-0.3,0.0,18:47:11,0.0,0.0,0.0,0,SIMP100577
3141,18:47:31,29,S,ASCENDING,64.1,20.6,100.5,0.0,-2.1,2.1,-0.7,0.1,-0.0,1.0,0.3,-0.2,-0.3,0.0,18:47:12,0.0,0.0,0.0,0,SIMP100494
3141,18:47:32,30,S,ASCENDING,71.0,20.6,100.4,0.0,-2.0,2.0,-0.7,0.1,-0.0,1.0,0.3,-0.2,-0.3,0.0,18:47:12,0.0,0.0,0.0,0,SIMP100412
3141,18:47:33,31,S,ASCENDING,77.9,20.6,100.3,0.0,-1.9,2.0,-0.6,0.1,-0.0,1.0,0.3,-0.2,-0.3,0.0,18:47:13,0.0,0.0,0.0,0,SIMP100329
3141,18:47:34,32,S,ASCENDING,84.9,20.6,100.2,0.0,-2.0,2.2,-0.7,0.1,-0.0,1.0,0.3,-0.2,-0.3,0.0,18:47:14,0.0,0.0,0.0,0,SIMP100246
3141,18:47:35,33,S,ASCENDING,91.8,20.6,100.2,0.0,-2.0,2.1,-0.7,0.1,-0.0,1.0,0.3,-0.2,-0.3,0.0,18:47:15,0.0,0.0,0.0,0,SIMP100164
3141,18:47:36,34,S,ASCENDING,98.8,20.6,100.1,0.0,-2.0,2.0,-0.7,0.1,-0.0,1.0,0.3,-0.2,-0.3,0.0,18:47:16,0.0,0.0,0.0,0,SIMP100081
3141,18:47:37,35,S,ASCENDING,105.7,20.6,100.0,0.0,-2.2,2.1,-0.7,0.1,-0.0,1.0,0.3,-0.2,-0.3,0.0,18:47:17,0.0,0.0,0.0,0,SIMP99999
3141,18:47:38,36,S,ASCENDING,112.6,20.6,99.9,0.0,-1.9,1.9,-0.8,0.1,-0.0,1.0,0.3,-0.2,-0.3,0.0,18:47:18,0.0,0.0,0.0,0,SIMP99916
3141,18:47:39,37,S,ASCENDING,119.6,20.6,99.8,0.0,-2.0,2.1,-0.9,0.1,-0.0,1.0,0.3,-0.2,-0.3,0.0,18:47:19,0.0,0.0,0.0,0,SIMP99834
3141,18:47:40,38,S,ASCENDING,126.5,20.6,99.8,0.0,-2.1,2.1,-0.8,0.1,-0.0,1.0,0.3,-0.2,-0.3,0.0,18:47:20,0.0,0.0,0.0,0,SIMP99752
3141,18:47:41,39,S,ASCENDING,133.5,20.6,99.7,0.0,-2.2,1.9,-0.5,0.1,-0.0,1.0,0.3,-0.2,-0.3,0.0,18:47:21,0.0,0.0,0.0,0,SIMP99669
3141,18:47:42,40,S,ASCENDING,140.4,20.6,99.6,0.0,-2.1,1.9,-0.6,0.1,-0.0,1.0,0.3,-0.2,-0.3,0.0,18:47:22,0.0,0.0,0.0,0,SIMP99587
3141,18:47:43,41,S,ASCENDING,147.3,20.6,99.5,0.0,-2.1,2.0,-0.7,0.1,-0.0,1.0,0.3,-0.2,-0.3,0.0,18:47:23,0.0,0.0,0.0,0,SIMP99505
3141,18:47:44,42,S,ASCENDING,154.2,20.6,99.4,0.0,-2.0,1.8,-0.7,0.1,-0.0,1.0,0.3,-0.2,-0.3,0.0,18:47:24,0.0,0.0,0.0,0,SIMP99423
3141,18:47:45,43,S,ASCENDING,161.2,20.6,99.3,0.0,-2.1,2.3,-0.6,0.1,-0.0,1.0,0.3,-0.2,-0.3,0.0,18:47:25,0.0,0.0,0.0,0,SIMP99341
3141,18:47:46,44,S,ASCENDING,168.1,20.6,99.3,0.0,-2.1,2.0,-0.7,0.1,-0.0,1.0,0.3,-0.2,-0.3,0.0,18:47:26,0.0,0.0,0.0,0,SIMP99259
3141,18:47:47,45,S,ASCENDING,175.1,20.6,99.2,0.0,-2.1,2.0,-0.7,0.1,-0.0,1.0,0.3,-0.2,-0.3,0.0,18:47:27,0.0,0.0,0.0,0,SIMP99177
3141,18:47:48,46,S,ASCENDING,182.0,20.6,99.1,0.0,-2.1,2.1,-0.8,0.1,-0.0,1.0,0.3,-0.2,-0.3,0.0,18:47:28,0.0,0.0,0.0,0,SIMP99095
3141,18:47:49,47,S,ASCENDING,189.0,20.6,99.0,0.0,-2.0,2.0,-0.7,0.1,-0.0,1.0,0.3,-0.2,-0.3,0.0,18:47:28,0.0,0.0,0.0,0,SIMP99013
3141,18:47:50,48,S,ASCENDING,202.8,20.6,98.8,0.0,-2.1,2.0,-0.6,0.1,-0.0,1.0,0.3,-0.2,-0.3,0.0,18:47:30,0.0,0.0,0.0,0,SIMP98850
3141,18:47:51,49,S,ASCENDING,209.7,20.6,98.8,0.0,-2.1,1.9,-0.6,0.1,-0.0,1.0,0.3,-0.2,-0.3,0.0,18:47:31,0.0,0.0,0.0,0,SIMP98768
3141,18:47:52,50,S,ASCENDING,216.6,20.6,98.7,0.0,-2.1,2.1,-0.6,0.1,-0.0,1.0,0.3,-0.2,-0.3,0.0,18:47:32,0.0,0.0,0.0,0,SIMP98687
3141,18:47:53,51,S,ASCENDING,223.6,20.6,98.6,0.0,-2.1,2.1,-0.5,0.1,-0.0,1.0,0.3,-0.2,-0.3,0.0,18:47:33,0.0,0.0,0.0,0,SIMP98605
3141,18:47:54,52,S,ASCENDING,230.5,20.6,98.5,0.0,-2.1,2.1,-0.8,0.1,-0.0,1.0,0.3,-0.2,-0.3,0.0,18:47:34,0.0,0.0,0.0,0,SIMP98524
3141,18:47:55,53,S,ASCENDING,237.5,20.6,98.4,0.0,-2.1,2.1,-0.6,0.1,-0.0,1.0,0.3,-0.2,-0.3,0.0,18:47:35,0.0,0.0,0.0,0,SIMP98442
3141,18:47:56,54,S,ASCENDING,244.4,20.6,98.4,0.0,-2.1,2.0,-0.6,0.1,-0.0,1.0,0.3,-0.2,-0.3,0.0,18:47:36,0.0,0.0,0.0,0,SIMP98361
3141,18:47:57,55,S,ASCENDING,251.4,20.6,98.3,0.0,-2.0,2.0,-0.7,0.1,-0.0,1.0,0.3,-0.2,-0.3,0.0,18:47:37,0.0,0.0,0.0,0,SIMP98279
3141,18:47:58,56,S,ASCENDING,258.3,20.6,98.2,0.0,-2.1,1.9,-0.8,0.1,-0.0,1.0,0.3,-0.2,-0.3,0.0,18:47:38,0.0,0.0,0.0,0,SIMP98198
3141,18:47:59,57,S,ASCENDING,265.2,20.6,98.1,0.0,-2.0,2.0,-0.5,0.1,-0.0,1.0,0.3,-0.2,-0.3,0.0,18:47:39,0.0,0.0,0.0,0,SIMP98117
3141,18:48:00,58,S,ASCENDING,272.1,20.6,98.0,0.0,-2.1,2.1,-0.7,0.1,-0.0,1.0,0.3,-0.2,-0.3,0.0,18:47:40,0.0,0.0,0.0,0,SIMP98036
3141,18:48:01,59,S,ASCENDING,279.1,20.6,98.0,0.0,-2.0,2.0,-0.7,0.1,-0.0,1.0,0.3,-0.2,-0.3,0.0,18:47:41,0.0,0.0,0.0,0,SIMP97955
3141,18:48:02,60,S,ASCENDING,286.0,20.6,97.9,0.0,-2.1,2.1,-0.5,0.1,-0.0,1.0,0.3,-0.2,-0.3,0.0,18:47:41,0.0,0.0,0.0,0,SIMP97874
3141,18:48:03,61,S,ASCENDING,292.9,20.6,97.8,0.0,-2.2,2.2,-0.7,0.1,-0.0,1.0,0.3,-0.2,-0.3,0.0,18:47:43,0.0,0.0,0.0,0,SIMP97793
3141,18:48:04,62,S,ASCENDING,299.9,20.6,97.7,0.0,-2.3,2.0,-0.6,0.1,-0.0,1.0,0.3,-0.2,-0.3,0.0,18:47:44,0.0,0.0,0.0,0,SIMP97712
3141,18:48:05,63,S,ASCENDING,306.8,20.6,97.6,0.0,-2.1,2.1,-0.7,0.1,-0.0,1.0,0.3,-0.2,-0.3,0.0,18:47:45,0.0,0.0,0.0,0,SIMP97631
3141,18:48:06,64,S,ASCENDING,313.8,20.6,97.6,0.0,-2.1,1.9,-0.7,0.1,-0.0,1.0,0.3,-0.2,-0.3,0.0,18:47:46,0.0,0.0,0.0,0,SIMP97550
3141,18:48:07,65,S,ASCENDING,320.7,20.6,97.5,0.0,-2.0,2.1,-0.8,0.1,-0.0,1.0,0.3,-0.2,-0.3,0.0,18:47:47,0.0,0.0,0.0,0,SIMP97469
3141,18:48:08,66,S,ASCENDING,327.7,20.6,97.4,0.0,-2.1,2.0,-0.6,0.1,-0.0,1.0,0.3,-0.2,-0.3,0.0,18:47:48,0.0,0.0,0.0,0,SIMP97388
3141,18:48:09,67,S,ASCENDING,334.6,20.6,97.3,0.0,-2.1,2.0,-0.7,0.1,-0.0,1.0,0.3,-0.2,-0.3,0.0,18:47:49,0.0,0.0,0.0,0,SIMP97308
3141,18:48:10,68,S,ASCENDING,341.5,20.6,97.2,0.0,-2.2,2.0,-0.6,0.1,-0.0,1.0,0.3,-0.2,-0.3,0.0,18:47:50,0.0,0.0,0.0,0,SIMP97227
3141,18:48:11,69,S,ASCENDING,348.4,20.6,97.1,0.0,-2.2,2.1,-0.6,0.1,-0.0,1.0,0.3,-0.2,-0.3,0.0,18:47:51,0.0,0.0,0.0,0,SIMP97147
3141,18:48:12,70,S,ASCENDING,355.4,20.6,97.1,0.0,-1.9,1.9,-0.6,0.1,-0.0,1.0,0.3,-0.2,-0.3,0.0,18:47:52,0.0,0.0,0.0,0,SIMP97066
3141,18:48:13,71,S,ASCENDING,362.3,20.6,97.0,0.0,-2.1,1.8,-0.8,0.1,-0.0,1.0,0.3,-0.2,-0.3,0.0,18:47:53,0.0,0.0,0.0,0,SIMP96986
3141,18:48:14,72,S,ASCENDING,369.3,20.6,96.9,0.0,-2.1,2.0,-0.5,0.1,-0.0,1.0,0.3,-0.2,-0.3,0.0,18:47:54,0.0,0.0,0.0,0,SIMP96905
3141,18:48:15,73,S,ASCENDING,376.2,20.6,96.8,0.0,-2.0,1.9,-0.6,0.1,-0.0,1.0,0.3,-0.2,-0.3,0.0,18:47:54,0.0,0.0,0.0,0,SIMP96825
3141,18:48:16,74,S,ASCENDING,383.1,20.6,96.7,0.0,-2.3,2.0,-0.6,0.1,-0.0,1.0,0.3,-0.2,-0.3,0.0,18:47:55,0.0,0.0,0.0,0,SIMP96745
3141,18:48:17,75,S,ASCENDING,390.1,20.6,96.7,0.0,-2.0,2.1,-0.6,0.1,-0.0,1.0,0.3,-0.2,-0.3,0.0,18:47:56,0.0,0.0,0.0,0,SIMP96664
3141,18:48:18,76,S,ASCENDING,397.0,20.6,96.6,0.0,-2.1,2.0,-0.6,0.1,-0.0,1.0,0.3,-0.2,-0.3,0.0,18:47:57,0.0,0.0,0.0,0,SIMP96584
3141,18:48:19,77,S,ASCENDING,404.0,20.6,96.5,0.0,-2.2,2.1,-0.6,0.1,-0.0,1.0,0.3,-0.2,-0.3,0.0,18:47:58,0.0,0.0,0.0,0,SIMP96504
3141,18:48:20,78,S,ASCENDING,410.9,20.6,96.4,0.0,-2.1,1.9,-0.7,0.1,-0.0,1.0,0.3,-0.2,-0.3,0.0,18:47:59,0.0,0.0,0.0,0,SIMP96424
3141,18:48:21,79,S,ASCENDING,417.8,20.6,96.3,0.0,-2.2,2.0,-0.6,0.1,-0.0,1.0,0.3,-0.2,-0.3,0.0,18:48:00,0.0,0.0,0.0,0,SIMP96344
3141,18:48:22,80,S,ASCENDING,424.8,20.6,96.3,0.0,-2.0,2.0,-0.8,0.1,-0.0,1.0,0.3,-0.2,-0.3,0.0,18:48:01,0.0,0.0,0.0,0,SIMP96264
3141,18:48:23,81,S,ASCENDING,431.7,20.6,96.2,0.0,-2.0,1.9,-0.8,0.1,-0.0,1.0,0.3,-0.2,-0.3,0.0,18:48:02,0.0,0.0,0.0,0,SIMP96184
3141,18:48:24,82,S,ASCENDING,438.7,20.6,96.1,0.0,-2.0,2.1,-0.7,0.1,-0.0,1.0,0.3,-0.2,-0.3,0.0,18:48:03,0.0,0.0,0.0,0,SIMP96104
3141,18:48:25,83,S,ASCENDING,445.6,20.6,96.0,0.0,-2.1,2.1,-0.9,0.1,-0.0,1.0,0.3,-0.2,-0.3,0.0,18:48:04,0.0,0.0,0.0,0,SIMP96024
3141,18:48:26,84,S,ASCENDING,452.5,20.6,95.9,0.0,-2.0,2.0,-0.7,0.1,-0.0,1.0,0.3,-0.2,-0.3,0.0,18:48:05,0.0,0.0,0.0,0,SIMP95945
3141,18:48:27,85,S,ASCENDING,459.4,20.6,95.9,0.0,-2.1,1.9,-0.7,0.1,-0.0,1.0,0.3,-0.2,-0.3,0.0,18:48:06,0.0,0.0,0.0,0,SIMP95865
3141,18:48:28,86,S,ASCENDING,466.4,20.6,95.8,0.0,-2.1,1.9,-0.7,0.1,-0.0,1.0,0.3,-0.2,-0.3,0.0,18:48:06,0.0,0.0,0.0,0,SIMP95785
3141,18:48:29,87,S,ASCENDING,473.3,20.6,95.7,0.0,-2.1,2.0,-0.6,0.1,-0.0,1.0,0.3,-0.2,-0.3,0.0,18:48:08,0.0,0.0,0.0,0,SIMP95706
3141,18:48:30,88,S,ASCENDING,480.3,20.6,95.6,0.0,-2.0,2.2,-0.6,0.1,-0.0,1.0,0.3,-0.2,-0.3,0.0,18:48:09,0.0,0.0,0.0,0,SIMP95626
3141,18:48:31,89,S,ASCENDING,487.2,20.6,95.5,0.0,-2.1,1.9,-0.8,0.1,-0.0,1.0,0.3,-0.2,-0.3,0.0,18:48:10,0.0,0.0,0.0,0,SIMP95547
3141,18:48:32,90,S,ASCENDING,501.1,20.6,95.4,0.0,-2.1,2.0,-0.7,0.1,-0.0,1.0,0.3,-0.2,-0.3,0.0,18:48:11,0.0,0.0,0.0,0,SIMP95388
3141,18:48:33,91,S,ASCENDING,508.1,20.6,95.3,0.0,-2.1,2.1,-0.8,0.1,-0.0,1.0,0.3,-0.2,-0.3,0.0,18:48:12,0.0,0.0,0.0,0,SIMP95308
3141,18:48:34,92,S,ASCENDING,515.0,20.6,95.2,0.0,-2.0,2.0,-0.6,0.1,-0.0,1.0,0.3,-0.2,-0.3,0.0,18:48:13,0.0,0.0,0.0,0,SIMP95229
3141,18:48:35,93,S,ASCENDING,521.9,20.6,95.2,0.0,-2.0,2.2,-0.7,0.1,-0.0,1.0,0.3,-0.2,-0.3,0.0,18:48:14,0.0,0.0,0.0,0,SIMP95150
3141,18:48:36,94,S,ASCENDING,528.8,20.6,95.1,0.0,-2.1,1.9,-0.7,0.1,-0.0,1.0,0.3,-0.2,-0.3,0.0,18:48:15,0.0,0.0,0.0,0,SIMP95071
3141,18:48:37,95,S,ASCENDING,535.7,20.6,95.0,0.0,-2.1,2.0,-0.7,0.1,-0.0,1.0,0.3,-0.2,-0.3,0.0,18:48:16,0.0,0.0,0.0,0,SIMP94992
3141,18:48:38,96,S,ASCENDING,542.7,20.6,94.9,0.0,-2.0,2.0,-0.7,0.1,-0.0,1.0,0.3,-0.2,-0.3,0.0,18:48:17,0.0,0.0,0.0,0,SIMP94913
3141,18:48:39,97,S,ASCENDING,549.6,20.6,94.8,0.0,-2.1,2.0,-0.7,0.1,-0.0,1.0,0.3,-0.2,-0.3,0.0,18:48:18,0.0,0.0,0.0,0,SIMP94834
3141,18:48:40,98,S,ASCENDING,556.5,20.6,94.8,0.0,-2.1,2.0,-0.8,0.1,-0.0,1.0,0.3,-0.2,-0.3,0.0,18:48:19,0.0,0.0,0.0,0,SIMP94755
3141,18:48:41,99,S,ASCENDING,563.5,20.6,94.7,0.0,-2.1,2.3,-0.7,0.1,-0.0,1.0,0.3,-0.2,-0.3,0.0,18:48:19,0.0,0.0,0.0,0,SIMP94676
3141,18:48:42,100,S,ASCENDING,570.4,20.6,94.6,0.0,-2.0,2.2,-0.6,0.1,-0.0,1.0,0.3,-0.2,-0.3,0.0,18:48:21,0.0,0.0,0.0,0,SIMP94597
3141,18:48:43,101,S,ASCENDING,577.4,20.6,94.5,0.0,-2.2,2.1,-0.7,0.1,-0.0,1.0,0.3,-0.2,-0.3,0.0,18:48:22,0.0,0.0,0.0,0,SIMP94518
3141,18:48:44,102,S,ASCENDING,584.3,20.6,94.4,0.0,-2.0,2.1,-0.7,0.1,-0.0,1.0,0.3,-0.2,-0.3,0.0,18:48:23,0.0,0.0,0.0,0,SIMP94439
3141,18:48:45,103,S,ASCENDING,591.2,20.6,94.4,0.0,-2.1,1.9,-0.6,0.1,-0.0,1.0,0.3,-0.2,-0.3,0.0,18:48:24,0.0,0.0,0.0,0,SIMP94361
3141,18:48:46,104,S,ASCENDING,598.2,20.6,94.3,0.0,-2.1,2.0,-0.7,0.1,-0.0,1.0,0.3,-0.2,-0.3,0.0,18:48:25,0.0,0.0,0.0,0,SIMP94282
3141,18:48:47,105,S,ASCENDING,605.2,20.6,94.2,0.0,-2.0,2.2,-0.7,0.1,-0.0,1.0,0.3,-0.2,-0.3,0.0,18:48:26,0.0,0.0,0.0,0,SIMP94203
3141,18:48:48,106,S,ASCENDING,612.1,20.6,94.1,0.0,-1.9,2.0,-0.7,0.1,-0.0,1.0,0.3,-0.2,-0.3,0.0,18:48:27,0.0,0.0,0.0,0,SIMP94125
3141,18:48:49,107,S,ASCENDING,619.0,20.6,94.0,0.0,-2.1,2.2,-0.8,0.1,-0.0,1.0,0.3,-0.2,-0.3,0.0,18:48:28,0.0,0.0,0.0,0,SIMP94046
3141,18:48:50,108,S,ASCENDING,625.9,20.6,94.0,0.0,-2.0,2.0,-0.5,0.1,-0.0,1.0,0.3,-0.2,-0.3,0.0,18:48:29,0.0,0.0,0.0,0,SIMP93968
3141,18:48:51,109,S,ASCENDING,632.8,20.6,93.9,0.0,-2.1,2.1,-0.8,0.1,-0.0,1.0,0.3,-0.2,-0.3,0.0,18:48:30,0.0,0.0,0.0,0,SIMP93890
3141,18:48:52,110,S,ASCENDING,639.8,20.6,93.8,0.0,-2.1,2.2,-0.7,0.1,-0.0,1.0,0.3,-0.2,-0.3,0.0,18:48:31,0.0,0.0,0.0,0,SIMP93811
3141,18:48:53,111,S,ASCENDING,646.8,20.6,93.7,0.0,-2.1,2.1,-0.9,0.1,-0.0,1.0,0.3,-0.2,-0.3,0.0,18:48:32,0.0,0.0,0.0,0,SIMP93733
3141,18:48:54,112,S,ASCENDING,653.7,20.6,93.7,0.0,-2.0,2.0,-0.6,0.1,-0.0,1.0,0.3,-0.2,-0.3,0.0,18:48:33,0.0,0.0,0.0,0,SIMP93655
3141,18:48:55,113,S,ASCENDING,660.6,20.6,93.6,0.0,-2.0,2.0,-0.6,0.1,-0.0,1.0,0.3,-0.2,-0.3,0.0,18:48:34,0.0,0.0,0.0,0,SIMP93577
3141,18:48:56,114,S,ASCENDING,667.5,20.6,93.5,0.0,-1.9,2.1,-0.8,0.1,-0.0,1.0,0.3,-0.2,-0.3,0.0,18:48:35,0.0,0.0,0.0,0,SIMP93499
3141,18:48:57,115,S,ASCENDING,674.5,20.6,93.4,0.0,-1.9,2.0,-0.5,0.1,-0.0,1.0,0.3,-0.2,-0.3,0.0,18:48:36,0.0,0.0,0.0,0,SIMP93421
3141,18:48:58,116,S,ASCENDING,681.4,20.6,93.3,0.0,-2.3,2.0,-0.6,0.1,-0.0,1.0,0.3,-0.2,-0.3,0.0,18:48:37,0.0,0.0,0.0,0,SIMP93343
3141,18:48:59,117,S,ASCENDING,688.3,20.6,93.3,0.0,-2.1,1.8,-0.7,0.1,-0.0,1.0,0.3,-0.2,-0.3,0.0,18:48:38,0.0,0.0,0.0,0,SIMP93265
3141,18:49:00,118,S,ASCENDING,695.3,20.6,93.2,0.0,-1.9,2.2,-0.7,0.1,-0.0,1.0,0.3,-0.2,-0.3,0.0,18:48:39,0.0,0.0,0.0,0,SIMP93187
3141,18:49:01,119,S,ASCENDING,702.2,20.6,93.1,0.0,-2.0,2.0,-0.8,0.1,-0.0,1.0,0.3,-0.2,-0.3,0.0,18:48:40,0.0,0.0,0.0,0,SIMP93109
3141,18:49:02,120,S,ASCENDING,709.2,20.6,93.0,0.0,-2.1,2.0,-0.7,0.1,-0.0,1.0,0.3,-0.2,-0.3,0.0,18:48:41,0.0,0.0,0.0,0,SIMP93031
3141,18:49:03,121,S,ASCENDING,716.1,20.6,93.0,0.0,-1.9,2.0,-0.7,0.1,-0.0,1.0,0.3,-0.2,-0.3,0.0,18:48:42,0.0,0.0,0.0,0,SIMP92953
3141,18:49:04,122,S,APOGEE,713.6,20.6,93.0,0.0,-2.1,2.1,-0.7,0.1,-0.0,1.0,0.3,-0.2,-0.3,0.0,18:48:43,0.0,0.0,0.0,0,SIMP92981
3141,18:49:05,123,S,DESCENDING,701.6,20.6,93.1,0.0,-2.0,2.1,-0.6,0.1,-0.0,1.0,0.3,-0.2,-0.3,0.0,18:48:44,0.0,0.0,0.0,0,SIMP93116
3141,18:49:06,124,S,DESCENDING,689.7,20.6,93.2,0.0,-2.1,2.0,-0.8,0.1,-0.0,1.0,0.3,-0.2,-0.3,0.0,18:48:45,0.0,0.0,0.0,0,SIMP93250
3141,18:49:07,125,S,DESCENDING,677.7,20.6,93.4,0.0,-2.1,1.9,-0.9,0.1,-0.0,1.0,0.3,-0.2,-0.3,0.0,00:00:00,0.0,0.0,0.0,0,SIMP93384
3141,18:49:08,126,S,DESCENDING,665.7,20.6,93.5,0.0,-2.1,2.0,-0.7,0.1,-0.0,1.0,0.3,-0.2,-0.3,0.0,18:48:47,0.0,0.0,0.0,0,SIMP93519
3141,18:49:09,127,S,DESCENDING,653.8,20.6,93.7,0.0,-2.2,2.2,-0.8,0.1,-0.0,1.0,0.3,-0.2,-0.3,0.0,18:48:48,0.0,0.0,0.0,0,SIMP93653
3141,18:49:10,128,S,DESCENDING,641.9,20.6,93.8,0.0,-2.0,2.1,-0.8,0.1,-0.0,1.0,0.3,-0.2,-0.3,0.0,18:48:49,0.0,0.0,0.0,0,SIMP93788
3141,18:49:11,129,S,DESCENDING,629.9,20.6,93.9,0.0,-2.1,2.1,-0.6,0.1,-0.0,1.0,0.3,-0.2,-0.3,0.0,18:48:50,0.0,0.0,0.0,0,SIMP93923
3141,18:49:12,130,S,DESCENDING,617.9,20.6,94.1,0.0,-2.3,2.1,-0.6,0.1,-0.0,1.0,0.3,-0.2,-0.3,0.0,18:48:51,0.0,0.0,0.0,0,SIMP94059
3141,18:49:13,131,S,DESCENDING,606.0,20.6,94.2,0.0,-2.1,2.2,-0.6,0.1,-0.0,1.0,0.3,-0.2,-0.3,0.0,18:48:52,0.0,0.0,0.0,0,SIMP94194
3141,18:49:14,132,S,DESCENDING,582.1,20.6,94.5,0.0,-2.1,2.0,-0.7,0.1,-0.0,1.0,0.3,-0.2,-0.3,0.0,18:48:53,0.0,0.0,0.0,0,SIMP94465
3141,18:49:15,133,S,DESCENDING,570.1,20.6,94.6,0.0,-2.1,1.9,-0.7,0.1,-0.0,1.0,0.3,-0.2,-0.3,0.0,18:48:54,0.0,0.0,0.0,0,SIMP94601
3141,18:49:16,134,S,DESCENDING,558.1,20.6,94.7,0.0,-2.3,2.2,-0.8,0.1,-0.0,1.0,0.3,-0.2,-0.3,0.0,18:48:55,0.0,0.0,0.0,0,SIMP94737
3141,18:49:17,135,S,DESCENDING,546.2,20.6,94.9,0.0,-2.1,2.1,-0.6,0.1,-0.0,1.0,0.3,-0.2,-0.3,0.0,18:48:56,0.0,0.0,0.0,0,SIMP94873
3141,18:49:18,136,S,DESCENDING,534.2,20.6,95.0,0.0,-2.0,2.1,-0.6,0.1,-0.0,1.0,0.3,-0.2,-0.3,0.0,18:48:57,0.0,0.0,0.0,0,SIMP95009
3141,18:49:19,137,S,DESCENDING,522.2,20.6,95.1,0.0,-2.0,1.9,-0.6,0.1,-0.0,1.0,0.3,-0.2,-0.3,0.0,18:48:58,0.0,0.0,0.0,0,SIMP95146
3141,18:49:20,138,S,DESCENDING,510.3,20.6,95.3,0.0,-2.1,1.9,-0.7,0.1,-0.0,1.0,0.3,-0.2,-0.3,0.0,01:00:00,0.0,0.0,0.0,0,SIMP95282
3141,18:49:21,139,S,DESCENDING,498.3,20.6,95.4,0.0,-2.0,2.1,-0.7,0.1,-0.0,1.0,0.3,-0.2,-0.3,0.0,18:49:00,0.0,0.0,0.0,0,SIMP95419
3141,18:49:22,140,S,DESCENDING,486.4,20.6,95.6,0.0,-2.1,2.1,-0.7,0.1,-0.0,1.0,0.3,-0.2,-0.3,0.0,18:49:01,0.0,0.0,0.0,0,SIMP95556
3141,18:49:23,141,S,DESCENDING,474.4,20.6,95.7,0.0,-2.0,2.0,-0.6,0.1,-0.0,1.0,0.3,-0.2,-0.3,0.0,18:49:02,0.0,0.0,0.0,0,SIMP95693
3141,18:49:24,142,S,DESCENDING,462.4,20.6,95.8,0.0,-2.2,2.2,-0.6,0.1,-0.0,1.0,0.3,-0.2,-0.3,0.0,18:49:03,0.0,0.0,0.0,0,SIMP95831
3141,18:49:25,143,S,DESCENDING,450.5,20.6,96.0,0.0,-2.0,2.1,-0.7,0.1,-0.0,1.0,0.3,-0.2,-0.3,0.0,18:49:04,0.0,0.0,0.0,0,SIMP95968
3141,18:49:26,144,S,DESCENDING,438.5,20.6,96.1,0.0,-2.0,1.9,-0.8,0.1,-0.0,1.0,0.3,-0.2,-0.3,0.0,18:49:05,0.0,0.0,0.0,0,SIMP96106
3141,18:49:27,145,S,DESCENDING,426.6,20.6,96.2,0.0,-2.2,2.0,-0.8,0.1,-0.0,1.0,0.3,-0.2,-0.3,0.0,18:49:06,0.0,0.0,0.0,0,SIMP96243
3141,18:49:28,146,S,DESCENDING,414.6,20.6,96.4,0.0,-2.1,1.9,-0.6,0.1,-0.0,1.0,0.3,-0.2,-0.3,0.0,18:49:07,0.0,0.0,0.0,0,SIMP96381
3141,18:49:29,147,S,DESCENDING,402.7,20.6,96.5,0.0,-2.0,2.0,-0.8,0.1,-0.0,1.0,0.3,-0.2,-0.3,0.0,18:49:08,0.0,0.0,0.0,0,SIMP96519
3141,18:49:30,148,S,DESCENDING,390.7,20.6,96.7,0.0,-2.1,2.2,-0.7,0.1,-0.0,1.0,0.3,-0.2,-0.3,0.0,18:49:09,0.0,0.0,0.0,0,SIMP96657
3141,18:49:31,149,S,DESCENDING,378.7,20.6,96.8,0.0,-2.2,2.1,-0.6,0.1,-0.0,1.0,0.3,-0.2,-0.3,0.0,18:49:10,0.0,0.0,0.0,0,SIMP96796
3141,18:49:32,150,S,DESCENDING,366.8,20.6,96.9,0.0,-2.0,1.9,-0.8,0.1,-0.0,1.0,0.3,-0.2,-0.3,0.0,18:49:11,0.0,0.0,0.0,0,SIMP96934
3141,18:49:33,151,S,DESCENDING,354.8,20.6,97.1,0.0,-2.1,2.1,-0.6,0.1,-0.0,1.0,0.3,-0.2,-0.3,0.0,18:00:00,0.0,0.0,0.0,0,SIMP97073
3141,18:49:34,152,S,DESCENDING,342.8,20.6,97.2,0.0,-2.0,2.0,-0.7,0.1,-0.0,1.0,0.3,-0.2,-0.3,0.0,18:49:13,0.0,0.0,0.0,0,SIMP97212
3141,18:49:35,153,S,DESCENDING,330.9,20.6,97.4,0.0,-2.1,2.0,-0.6,0.1,-0.0,1.0,0.3,-0.2,-0.3,0.0,18:49:14,0.0,0.0,0.0,0,SIMP97351
3141,18:49:36,154,S,DESCENDING,318.9,20.6,97.5,0.0,-2.0,1.9,-0.8,0.1,-0.0,1.0,0.3,-0.2,-0.3,0.0,18:49:15,0.0,0.0,0.0,0,SIMP97490
3141,18:49:37,155,S,DESCENDING,307.0,20.6,97.6,0.0,-2.1,2.0,-0.7,0.1,-0.0,1.0,0.3,-0.2,-0.3,0.0,18:49:16,0.0,0.0,0.0,0,SIMP97629
3141,18:49:38,156,S,DESCENDING,301.8,20.6,97.7,0.0,-2.2,2.1,-0.7,0.1,-0.0,1.0,0.3,-0.2,-0.3,0.0,18:49:17,0.0,0.0,0.0,0,SIMP97690
3141,18:49:39,157,S,DESCENDING,283.0,20.6,97.9,0.0,-2.0,1.8,-0.8,0.1,-0.0,1.0,0.3,-0.2,-0.3,0.0,18:49:18,0.0,0.0,0.0,0,SIMP97909
3141,18:49:40,158,S,DESCENDING,271.1,20.6,98.0,0.0,-2.1,2.2,-0.6,0.1,-0.0,1.0,0.3,-0.2,-0.3,0.0,18:49:19,0.0,0.0,0.0,0,SIMP98048
3141,18:49:41,159,S,DESCENDING,259.2,20.6,98.2,0.0,-2.1,2.1,-0.5,0.1,-0.0,1.0,0.3,-0.2,-0.3,0.0,18:49:20,0.0,0.0,0.0,0,SIMP98188
3141,18:49:42,160,S,DESCENDING,247.1,20.6,98.3,0.0,-2.1,2.0,-0.7,0.1,-0.0,1.0,0.3,-0.2,-0.3,0.0,18:49:21,0.0,0.0,0.0,0,SIMP98329
3141,18:49:43,161,S,DESCENDING,235.2,20.6,98.5,0.0,-1.9,2.0,-0.5,0.1,-0.0,1.0,0.3,-0.2,-0.3,0.0,18:49:22,0.0,0.0,0.0,0,SIMP98469
3141,18:49:44,162,S,DESCENDING,223.3,20.6,98.6,0.0,-2.1,2.0,-0.6,0.1,-0.0,1.0,0.3,-0.2,-0.3,0.0,18:49:23,0.0,0.0,0.0,0,SIMP98609
3141,18:49:45,163,S,DESCENDING,211.3,20.6,98.8,0.0,-2.0,2.0,-0.7,0.1,-0.0,1.0,0.3,-0.2,-0.3,0.0,18:49:24,0.0,0.0,0.0,0,SIMP98750
3141,18:49:46,164,S,DESCENDING,199.3,20.6,98.9,0.0,-2.0,2.2,-0.7,0.1,-0.0,1.0,0.3,-0.2,-0.3,0.0,18:04:00,0.0,0.0,0.0,0,SIMP98891
3141,18:49:47,165,S,DESCENDING,187.3,20.6,99.0,0.0,-2.1,2.1,-0.6,0.1,-0.0,1.0,0.3,-0.2,-0.3,0.0,18:49:26,0.0,0.0,0.0,0,SIMP99032
3141,18:49:48,166,S,DESCENDING,175.4,20.6,99.2,0.0,-2.2,2.1,-0.6,0.1,-0.0,1.0,0.3,-0.2,-0.3,0.0,18:49:27,0.0,0.0,0.0,0,SIMP99173
3141,18:49:49,167,S,DESCENDING,163.5,20.6,99.3,0.0,-2.1,1.9,-0.9,0.1,-0.0,1.0,0.3,-0.2,-0.3,0.0,18:49:28,0.0,0.0,0.0,0,SIMP99314
3141,18:49:50,168,S,DESCENDING,151.4,20.6,99.5,0.0,-2.0,1.9,-0.8,0.1,-0.0,1.0,0.3,-0.2,-0.3,0.0,18:49:29,0.0,0.0,0.0,0,SIMP99456
3141,18:49:51,169,S,DESCENDING,139.5,20.6,99.6,0.0,-2.1,2.1,-0.6,0.1,-0.0,1.0,0.3,-0.2,-0.3,0.0,18:49:30,0.0,0.0,0.0,0,SIMP99597
3141,18:49:52,170,S,DESCENDING,127.6,20.6,99.7,0.0,-2.2,2.1,-0.7,0.1,-0.0,1.0,0.3,-0.2,-0.3,0.0,18:49:31,0.0,0.0,0.0,0,SIMP99739
3141,18:49:53,171,S,DESCENDING,115.6,20.6,99.9,0.0,-2.0,2.0,-0.7,0.1,-0.0,1.0,0.3,-0.2,-0.3,0.0,18:49:32,0.0,0.0,0.0,0,SIMP99881
3141,18:49:54,172,S,DESCENDING,103.6,20.6,100.0,0.0,-2.1,1.9,-0.7,0.1,-0.0,1.0,0.3,-0.2,-0.3,0.0,18:49:33,0.0,0.0,0.0,0,SIMP100023
3141,18:49:55,173,S,DESCENDING,94.2,20.6,100.1,0.0,-2.1,1.9,-0.8,0.1,-0.0,1.0,0.3,-0.2,-0.3,0.0,18:49:34,0.0,0.0,0.0,0,SIMP100135
3141,18:49:56,174,S,DESCENDING,90.4,20.6,100.2,0.0,-2.2,2.0,-0.7,0.1,-0.0,1.0,0.3,-0.2,-0.3,0.0,18:49:35,0.0,0.0,0.0,0,SIMP100181
3141,18:49:57,175,S,DESCENDING,88.4,20.6,100.2,0.0,-2.1,1.9,-0.6,0.1,-0.0,1.0,0.3,-0.2,-0.3,0.0,18:49:36,0.0,0.0,0.0,0,SIMP100204
3141,18:49:58,176,S,DESCENDING,86.6,20.6,100.2,0.0,-2.1,2.0,-0.7,0.1,-0.0,1.0,0.3,-0.2,-0.3,0.0,18:49:37,0.0,0.0,0.0,0,SIMP100226
3141,18:49:59,177,S,DESCENDING,84.6,20.6,100.2,0.0,-2.1,2.0,-0.8,0.1,-0.0,1.0,0.3,-0.2,-0.3,0.0,18:49:00,0.0,0.0,0.0,0,SIMP100249
3141,18:50:00,178,S,DESCENDING,82.7,20.6,100.3,0.0,-2.1,1.8,-0.6,0.1,-0.0,1.0,0.3,-0.2,-0.3,0.0,18:49:39,0.0,0.0,0.0,0,SIMP100272
3141,18:50:01,179,S,DESCENDING,80.8,20.6,100.3,0.0,-2.1,2.0,-0.7,0.1,-0.0,1.0,0.3,-0.2,-0.3,0.0,18:49:40,0.0,0.0,0.0,0,SIMP100295
3141,18:50:02,180,S,DESCENDING,78.9,20.6,100.3,0.0,-2.0,2.0,-0.9,0.1,-0.0,1.0,0.3,-0.2,-0.3,0.0,18:49:41,0.0,0.0,0.0,0,SIMP100318
3141,18:50:03,181,S,DESCENDING,77.0,20.6,100.3,0.0,-2.1,2.0,-0.9,0.1,-0.0,1.0,0.3,-0.2,-0.3,0.0,18:49:42,0.0,0.0,0.0,0,SIMP100340
3141,18:50:04,182,S,DESCENDING,75.1,20.6,100.4,0.0,-2.0,2.1,-0.7,0.1,-0.0,1.0,0.3,-0.2,-0.3,0.0,18:49:43,0.0,0.0,0.0,0,SIMP100363
3141,18:50:05,183,S,DESCENDING,73.2,20.6,100.4,0.0,-2.1,2.0,-0.8,0.1,-0.0,1.0,0.3,-0.2,-0.3,0.0,18:49:44,0.0,0.0,0.0,0,SIMP100386
3141,18:50:06,184,S,DESCENDING,71.2,20.6,100.4,0.0,-2.1,2.0,-0.6,0.1,-0.0,1.0,0.3,-0.2,-0.3,0.0,18:49:45,0.0,0.0,0.0,0,SIMP100409
3141,18:50:07,185,S,DESCENDING,69.3,20.6,100.4,0.0,-2.1,2.0,-0.7,0.1,-0.0,1.0,0.3,-0.2,-0.3,0.0,18:49:46,0.0,0.0,0.0,0,SIMP100432
3141,18:50:08,186,S,DESCENDING,67.5,20.6,100.5,0.0,-2.2,2.2,-0.7,0.1,-0.0,1.0,0.3,-0.2,-0.3,0.0,18:49:47,0.0,0.0,0.0,0,SIMP100454
3141,18:50:09,187,S,DESCENDING,65.5,20.6,100.5,0.0,-2.0,2.0,-0.7,0.1,-0.0,1.0,0.3,-0.2,-0.3,0.0,18:49:48,0.0,0.0,0.0,0,SIMP100477
3141,18:50:10,188,S,DESCENDING,63.6,20.6,100.5,0.0,-2.2,2.0,-0.6,0.1,-0.0,1.0,0.3,-0.2,-0.3,0.0,18:49:48,0.0,0.0,0.0,0,SIMP100500
3141,18:50:11,189,S,DESCENDING,61.7,20.6,100.5,0.0,-2.1,1.8,-0.7,0.1,-0.0,1.0,0.3,-0.2,-0.3,0.0,18:49:49,0.0,0.0,0.0,0,SIMP100523
3141,18:50:12,190,S,DESCENDING,59.7,20.6,100.5,0.0,-2.0,2.3,-0.7,0.1,-0.0,1.0,0.3,-0.2,-0.3,0.0,18:49:05,0.0,0.0,0.0,0,SIMP100546
3141,18:50:13,191,S,DESCENDING,57.8,20.6,100.6,0.0,-2.1,2.0,-0.7,0.1,-0.0,1.0,0.3,-0.2,-0.3,0.0,18:49:51,0.0,0.0,0.0,0,SIMP100569
3141,18:50:14,192,S,DESCENDING,55.9,20.6,100.6,0.0,-2.1,1.9,-0.6,0.1,-0.0,1.0,0.3,-0.2,-0.3,0.0,18:49:52,0.0,0.0,0.0,0,SIMP100592
3141,18:50:15,193,S,DESCENDING,54.0,20.6,100.6,0.0,-2.2,2.1,-0.7,0.1,-0.0,1.0,0.3,-0.2,-0.3,0.0,18:49:53,0.0,0.0,0.0,0,SIMP100614
3141,18:50:16,194,S,DESCENDING,52.1,20.6,100.6,0.0,-2.1,1.9,-0.7,0.1,-0.0,1.0,0.3,-0.2,-0.3,0.0,18:49:54,0.0,0.0,0.0,0,SIMP100637
3141,18:50:17,195,S,DESCENDING,50.2,20.6,100.7,0.0,-2.2,2.2,-0.8,0.1,-0.0,1.0,0.3,-0.2,-0.3,0.0,18:49:55,0.0,0.0,0.0,0,SIMP100660
3141,18:50:18,196,S,DESCENDING,48.3,20.6,100.7,0.0,-2.0,2.1,-0.6,0.1,-0.0,1.0,0.3,-0.2,-0.3,0.0,18:49:56,0.0,0.0,0.0,0,SIMP100683
3141,18:50:19,197,S,DESCENDING,46.3,20.6,100.7,0.0,-2.1,1.9,-0.5,0.1,-0.0,1.0,0.3,-0.2,-0.3,0.0,18:49:57,0.0,0.0,0.0,0,SIMP100706
3141,18:50:20,198,S,DESCENDING,44.4,20.6,100.7,0.0,-2.2,2.0,-0.8,0.1,-0.0,1.0,0.3,-0.2,-0.3,0.0,18:49:58,0.0,0.0,0.0,0,SIMP100729
3141,18:50:21,199,S,DESCENDING,42.5,20.6,100.8,0.0,-2.2,2.1,-0.6,0.1,-0.0,1.0,0.3,-0.2,-0.3,0.0,18:49:59,0.0,0.0,0.0,0,SIMP100752
3141,18:50:22,200,S,DESCENDING,40.7,20.6,100.8,0.0,-2.1,2.1,-0.7,0.1,-0.0,1.0,0.3,-0.2,-0.3,0.0,18:50:00,0.0,0.0,0.0,0,SIMP100774
3141,18:50:23,201,S,DESCENDING,38.7,20.6,100.8,0.0,-2.0,2.1,-0.6,0.1,-0.0,1.0,0.3,-0.2,-0.3,0.0,18:50:01,0.0,0.0,0.0,0,SIMP100797
3141,18:50:24,202,S,DESCENDING,36.8,20.6,100.8,0.0,-2.1,2.0,-0.6,0.1,-0.0,1.0,0.3,-0.2,-0.3,0.0,18:50:02,0.0,0.0,0.0,0,SIMP100820
3141,18:50:25,203,S,DESCENDING,34.9,20.6,100.8,0.0,-2.1,2.0,-0.7,0.1,-0.0,1.0,0.3,-0.2,-0.3,0.0,18:50:03,0.0,0.0,0.0,0,SIMP100843
3141,18:50:26,204,S,DESCENDING,33.0,20.6,100.9,0.0,-2.0,2.1,-0.6,0.1,-0.0,1.0,0.3,-0.2,-0.3,0.0,18:50:04,0.0,0.0,0.0,0,SIMP100866
3141,18:50:27,205,S,DESCENDING,31.0,20.6,100.9,0.0,-2.0,2.2,-0.8,0.1,-0.0,1.0,0.3,-0.2,-0.3,0.0,18:50:05,0.0,0.0,0.0,0,SIMP100889
3141,18:50:28,206,S,DESCENDING,29.1,20.6,100.9,0.0,-2.2,2.0,-0.8,0.1,-0.0,1.0,0.3,-0.2,-0.3,0.0,18:50:05,0.0,0.0,0.0,0,SIMP100912
3141,18:50:29,207,S,DESCENDING,27.2,20.6,100.9,0.0,-2.2,2.0,-0.7,0.1,-0.0,1.0,0.3,-0.2,-0.3,0.0,18:50:05,0.0,0.0,0.0,0,SIMP100935
3141,18:50:30,208,S,DESCENDING,25.3,20.6,101.0,0.0,-2.1,2.0,-0.8,0.1,-0.0,1.0,0.3,-0.2,-0.3,0.0,18:50:06,0.0,0.0,0.0,0,SIMP100958
3141,18:50:31,209,S,DESCENDING,23.4,20.6,101.0,0.0,-2.1,2.0,-0.7,0.1,-0.0,1.0,0.3,-0.2,-0.3,0.0,18:50:07,0.0,0.0,0.0,0,SIMP100981
3141,18:50:32,210,S,DESCENDING,21.4,20.6,101.0,0.0,-2.1,1.8,-0.7,0.1,-0.0,1.0,0.3,-0.2,-0.3,0.0,18:50:08,0.0,0.0,0.0,0,SIMP101004
3141,18:50:33,211,S,DESCENDING,19.5,20.6,101.0,0.0,-1.9,2.1,-0.7,0.1,-0.0,1.0,0.3,-0.2,-0.3,0.0,18:50:09,0.0,0.0,0.0,0,SIMP101027
3141,18:50:34,212,S,DESCENDING,17.7,20.6,101.0,0.0,-2.1,1.9,-0.8,0.1,-0.0,1.0,0.3,-0.2,-0.3,0.0,18:50:10,0.0,0.0,0.0,0,SIMP101049
3141,18:50:35,213,S,DESCENDING,15.8,20.6,101.1,0.0,-2.2,2.0,-0.8,0.1,-0.0,1.0,0.3,-0.2,-0.3,0.0,18:50:11,0.0,0.0,0.0,0,SIMP101072
3141,18:50:36,214,S,DESCENDING,13.9,20.6,101.1,0.0,-1.9,1.9,-0.6,0.1,-0.0,1.0,0.3,-0.2,-0.3,0.0,18:50:12,0.0,0.0,0.0,0,SIMP101095
3141,18:50:37,215,S,DESCENDING,11.9,20.6,101.1,0.0,-2.0,2.1,-0.5,0.1,-0.0,1.0,0.3,-0.2,-0.3,0.0,18:50:13,0.0,0.0,0.0,0,SIMP101118
3141,18:50:38,216,S,DESCENDING,10.0,20.6,101.1,0.0,-2.1,2.1,-0.6,0.1,-0.0,1.0,0.3,-0.2,-0.3,0.0,18:50:14,0.0,0.0,0.0,0,SIMP101141
3141,18:50:39,217,S,DESCENDING,6.2,20.6,101.2,0.0,-2.2,2.0,-0.8,0.1,-0.0,1.0,0.3,-0.2,-0.3,0.0,18:05:00,0.0,0.0,0.0,0,SIMP101187
3141,18:50:40,218,S,DESCENDING,4.3,20.6,101.2,0.0,-2.1,2.1,-0.8,0.1,-0.0,1.0,0.3,-0.2,-0.3,0.0,18:50:16,0.0,0.0,0.0,0,SIMP101210
3141,18:50:41,219,S,DESCENDING,2.4,20.6,101.2,0.0,-1.9,2.1,-0.6,0.1,-0.0,1.0,0.3,-0.2,-0.3,0.0,18:50:17,0.0,0.0,0.0,0,SIMP101233
3141,18:50:42,220,S,DESCENDING,0.4,20.6,101.3,0.0,-2.1,2.0,-0.8,0.1,-0.0,1.0,0.3,-0.2,-0.3,0.0,18:50:18,0.0,0.0,0.0,0,SIMP101256
3141,18:50:43,221,S,DESCENDING,-1.5,20.6,101.3,0.0,-2.0,2.2,-0.7,0.1,-0.0,1.0,0.3,-0.2,-0.3,0.0,18:50:19,0.0,0.0,0.0,0,SIMP101279
3141,18:50:44,222,S,DESCENDING,-3.4,20.6,101.3,0.0,-2.1,2.2,-0.8,0.1,-0.0,1.0,0.3,-0.2,-0.3,0.0,18:50:20,0.0,0.0,0.0,0,SIMP101302
3141,18:50:45,223,S,DESCENDING,-5.3,20.6,101.3,0.0,-2.1,2.0,-0.7,0.1,-0.0,1.0,0.3,-0.2,-0.3,0.0,18:50:21,0.0,0.0,0.0,0,SIMP101325
3141,18:50:46,224,S,LANDED,-5.3,20.6,101.3,0.0,-2.1,2.0,-0.7,0.1,-0.0,1.0,0.3,-0.2,-0.3,0.0,18:50:21,0.0,0.0,0.0,0,SIMP101325
3141,18:50:47,225,S,LANDED,-5.3,20.6,101.3,0.0,-2.1,2.0,-0.7,0.1,-0.0,1.0,0.3,-0.2,-0.3,0.0,18:50:21,0.0,0.0,0.0,0,SIMP101325
3141,18:50:48,226,S,LANDED,-5.3,20.6,101.3,0.0,-2.1,2.0,-0.7,0.1,-0.0,1.0,0.3,-0.2,-0.3,0.0,18:50:21,0.0,0.0,0.0,0,SIMP101325
3141,18:50:49,227,S,LANDED,-5.3,20.6,101.3,0.0,-2.1,2.0,-0.7,0.1,-0.0,1.0,0.3,-0.2,-0.3,0.0,18:50:21,0.0,0.0,0.0,0,SIMP101325
3141,18:50:50,228,S,LANDED,-5.3,20.6,101.3,0.0,-2.1,2.0,-0.7,0.1,-0.0,1.0,0.3,-0.2,-0.3,0.0,18:50:21,0.0,0.0,0.0,0,SIMP101325
3141,18:50:51,229,S,LANDED,-5.3,20.6,101.3,0.0,-2.1,2.0,-0.7,0.1,-0.0,1.0,0.3,-0.2,-0.3,0.0,18:50:21,0.0,0.0,0.0,0,SIMP101325
3141,18:50:52,230,S,LANDED,-5.3,20.6,101.3,0.0,-2.1,2.0,-0.7,0.1,-0.0,1.0,0.3,-0.2,-0.3,0.0,18:50:21,0.0,0.0,0.0,0,SIMP101325
3141,18:50:53,231,S,LANDED,-5.3,20.6,101.3,0.0,-2.1,2.0,-0.7,0.1,-0.0,1.0,0.3,-0.2,-0.3,0.0,18:50:21,0.0,0.0,0.0,0,SIMP101325
3141,18:50:54,232,S,LANDED,-5.3,20.6,101.3,0.0,-2.1,2.0,-0.7,0.1,-0.0,1.0,0.3,-0.2,-0.3,0.0,18:50:21,0.0,0.0,0.0,0,SIMP101325
3141,18:50:55,233,S,LANDED,-5.3,20.6,101.3,0.0,-2.1,2.0,-0.7,0.1,-0.0,1.0,0.3,-0.2,-0.3,0.0,18:50:21,0.0,0.0,0.0,0,SIMP101325
3141,18:50:56,234,S,LANDED,-5.3,20.6,101.3,0.0,-2.1,2.0,-0.7,0.1,-0.0,1.0,0.3,-0.2,-0.3,0.0,18:50:21,0.0,0.0,0.0,0,SIMP101325
3141,18:50:57,235,S,LANDED,-5.3,20.6,101.3,0.0,-2.1,2.0,-0.7,0.1,-0.0,1.0,0.3,-0.2,-0.3,0.0,18:50:21,0.0,0.0,0.0,0,SIMP101325
3141,18:50:58,236,S,LANDED,-5.3,20.6,101.3,0.0,-2.1,2.0,-0.7,0.1,-0.0,1.0,0.3,-0.2,-0.3,0.0,18:50:21,0.0,0.0,0.0,0,SIMP101325
3141,18:50:59,237,S,LANDED,-5.3,20.6,101.3,0.0,-2.1,2.0,-0.7,0.1,-0.0,1.0,0.3,-0.2,-0.3,0.0,18:50:21,0.0,0.0,0.0,0,SIMP101325
3141,18:51:00,238,S,LANDED,-5.3,20.6,101.3,0.0,-2.1,2.0,-0.7,0.1,-0.0,1.0,0.3,-0.2,-0.3,0.0,18:50:21,0.0,0.0,0.0,0,SIMP101325
3141,18:51:01,239,S,LANDED,-5.3,20.6,101.3,0.0,-2.1,2.0,-0.7,0.1,-0.0,1.0,0.3,-0.2,-0.3,0.0,18:50:21,0.0,0.0,0.0,0,SIMP101325
3141,18:51:02,240,S,LANDED,-5.3,20.6,101.3,0.0,-2.1,2.0,-0.7,0.1,-0.0,1.0,0.3,-0.2,-0.3,0.0,18:50:21,0.0,0.0,0.0,0,SIMP101325
3141,18:51:03,241,S,LANDED,-5.3,20.6,101.3,0.0,-2.1,2.0,-0.7,0.1,-0.0,1.0,0.3,-0.2,-0.3,0.0,18:50:21,0.0,0.0,0.0,0,SIMP101325
3141,18:51:04,242,S,LANDED,-5.3,20.6,101.3,0.0,-2.1,2.0,-0.7,0.1,-0.0,1.0,0.3,-0.2,-0.3,0.0,18:50:21,0.0,0.0,0.0,0,SIMP101325
3141,18:51:05,243,S,LANDED,-5.3,20.6,101.3,0.0,-2.1,2.0,-0.7,0.1,-0.0,1.0,0.3,-0.2,-0.3,0.0,18:50:21,0.0,0.0,0.0,0,SIMP101325
3141,18:51:06,244,S,LANDED,-5.3,20.6,101.3,0.0,-2.1,2.0,-0.7,0.1,-0.0,1.0,0.3,-0.2,-0.3,0.0,18:50:21,0.0,0.0,0.0,0,SIMP101325
3141,18:51:07,245,S,LANDED,-5.3,20.6,101.3,0.0,-2.1,2.0,-0.7,0.1,-0.0,1.0,0.3,-0.2,-0.3,0.0,18:50:21,0.0,0.0,0.0,0,SIMP101325
3141,18:51:08,246,S,LANDED,-5.3,20.6,101.3,0.0,-2.1,2.0,-0.7,0.1,-0.0,1.0,0.3,-0.2,-0.3,0.0,18:50:21,0.0,0.0,0.0,0,SIMP101325
3141,18:51:09,247,S,LANDED,-5.3,20.6,101.3,0.0,-2.1,2.0,-0.7,0.1,-0.0,1.0,0.3,-0.2,-0.3,0.0,18:50:21,0.0,0.0,0.0,0,SIMP101325
3141,18:51:10,248,S,LANDED,-5.3,20.6,101.3,0.0,-2.1,2.0,-0.7,0.1,-0.0,1.0,0.3,-0.2,-0.3,0.0,18:50:21,0.0,0.0,0.0,0,SIMP101325
3141,18:51:11,249,S,LANDED,-5.3,20.6,101.3,0.0,-2.1,2.0,-0.7,0.1,-0.0,1.0,0.3,-0.2,-0.3,0.0,18:50:21,0.0,0.0,0.0,0,SIMP101325
3141,18:51:12,250,S,LANDED,-5.3,20.6,101.3,0.0,-2.1,2.0,-0.7,0.1,-0.0,1.0,0.3,-0.2,-0.3,0.0,18:50:21,0.0,0.0,0.0,0,SIMP101325
3141,18:51:13,251,S,LANDED,-5.3,20.6,101.3,0.0,-2.1,2.0,-0.7,0.1,-0.0,1.0,0.3,-0.2,-0.3,0.0,18:50:21,0.0,0.0,0.0,0,SIMP101325
3141,18:51:14,252,S,LANDED,-5.3,20.6,101.3,0.0,-2.1,2.0,-0.7,0.1,-0.0,1.0,0.3,-0.2,-0.3,0.0,18:50:21,0.0,0.0,0.0,0,SIMP101325
3141,18:51:15,253,S,LANDED,-5.3,20.6,101.3,0.0,-2.1,2.0,-0.7,0.1,-0.0,1.0,0.3,-0.2,-0.3,0.0,18:50:21,0.0,0.0,0.0,0,SIMP101325
3141,18:51:16,254,S,LANDED,-5.3,20.6,101.3,0.0,-2.1,2.0,-0.7,0.1,-0.0,1.0,0.3,-0.2,-0.3,0.0,18:50:21,0.0,0.0,0.0,0,SIMP101325
3141,18:51:17,255,S,LANDED,-5.3,20.6,101.3,0.0,-2.1,2.0,-0.7,0.1,-0.0,1.0,0.3,-0.2,-0.3,0.0,18:50:21,0.0,0.0,0.0,0,SIMP101325
3141,18:51:18,256,S,LANDED,-5.3,20.6,101.3,0.0,-2.1,2.0,-0.7,0.1,-0.0,1.0,0.3,-0.2,-0.3,0.0,18:50:21,0.0,0.0,0.0,0,SIMP101325
3141,18:51:19,257,S,LANDED,-5.3,20.6,101.3,0.0,-2.1,2.0,-0.7,0.1,-0.0,1.0,0.3,-0.2,-0.3,0.0,18:50:21,0.0,0.0,0.0,0,SIMP101325
3141,18:51:20,258,S,LANDED,-5.3,20.6,101.3,0.0,-2.1,2.0,-0.7,0.1,-0.0,1.0,0.3,-0.2,-0.3,0.0,18:50:21,0.0,0.0,0.0,0,SIMP101325
3141,18:51:21,259,S,LANDED,-5.3,20.6,101.3,0.0,-2.1,2.0,-0.7,0.1,-0.0,1.0,0.3,-0.2,-0.3,0.0,18:50:21,0.0,0.0,0.0,0,SIMP101325
3141,18:51:22,260,S,LANDED,-5.3,20.6,101.3,0.0,-2.1,2.0,-0.7,0.1,-0.0,1.0,0.3,-0.2,-0.3,0.0,18:50:21,0.0,0.0,0.0,0,SIMP101325
3141,18:51:23,261,S,LANDED,-5.3,20.6,101.3,0.0,-2.1,2.0,-0.7,0.1,-0.0,1.0,0.3,-0.2,-0.3,0.0,18:50:21,0.0,0.0,0.0,0,SIMP101325
3141,18:51:24,262,S,LANDED,-5.3,20.6,101.3,0.0,-2.1,2.0,-0.7,0.1,-0.0,1.0,0.3,-0.2,-0.3,0.0,18:50:21,0.0,0.0,0.0,0,SIMP101325
3141,18:51:25,263,F,LANDED,-0.3,20.6,101.3,0.0,-2.1,2.0,-0.7,0.1,-0.0,1.0,0.3,-0.2,-0.3,0.0,18:50:22,0.0,0.0,0.0,0,SIMDISABLE
3141,18:51:26,264,F,ASCENDING,-0.4,20.6,101.3,0.0,-1.9,1.9,-0.7,0.1,-0.0,1.0,0.3,-0.2,-0.3,0.0,18:50:23,0.0,0.0,0.0,0,SIMDISABLE
3141,18:51:27,265,F,APOGEE,-0.1,20.6,101.3,0.0,-2.0,1.9,-0.6,0.1,-0.0,1.0,0.3,-0.2,-0.3,0.0,18:50:24,0.0,0.0,0.0,0,SIMDISABLE
3141,18:51:28,266,F,LAUNCH_PAD,-0.2,20.6,101.3,0.0,-2.2,2.1,-0.6,0.1,-0.0,1.0,0.3,-0.2,-0.3,0.0,18:50:25,0.0,0.0,0.0,0,SIMDISABLE
3141,18:51:29,267,F,LAUNCH_PAD,-0.4,20.6,101.3,0.0,-2.0,1.9,-0.6,0.1,-0.0,1.0,0.3,-0.2,-0.3,0.0,18:50:26,0.0,0.0,0.0,0,SIMDISABLE
3141,18:51:30,268,F,LAUNCH_PAD,-0.0,20.6,101.3,0.0,-2.0,2.1,-0.9,0.1,-0.0,1.0,0.3,-0.2,-0.3,0.0,18:50:27,0.0,0.0,0.0,0,SIMDISABLE
3141,18:51:31,269,F,LAUNCH_PAD,-0.2,20.6,101.3,0.0,-2.1,2.1,-0.7,0.1,-0.0,1.0,0.3,-0.2,-0.3,0.0,18:50:00,0.0,0.0,0.0,0,SIMDISABLE
3141,18:51:32,270,F,LAUNCH_PAD,-0.1,20.6,101.3,0.0,-2.0,2.0,-0.7,0.1,-0.0,1.0,0.3,-0.2,-0.3,0.0,18:50:29,0.0,0.0,0.0,0,SIMDISABLE
3141,18:51:33,271,F,LAUNCH_PAD,-0.4,20.6,101.3,0.0,-2.0,2.1,-0.7,0.1,-0.0,1.0,0.3,-0.2,-0.3,0.0,18:50:30,0.0,0.0,0.0,0,SIMDISABLE
3141,18:51:34,272,F,LAUNCH_PAD,-0.3,20.6,101.3,0.0,-2.0,1.9,-0.8,0.1,-0.0,1.0,0.3,-0.2,-0.3,0.0,18:50:31,0.0,0.0,0.0,0,SIMDISABLE
3141,18:51:35,273,F,LAUNCH_PAD,-0.2,20.6,101.3,0.0,-2.0,2.1,-0.7,0.1,-0.0,1.0,0.3,-0.2,-0.3,0.0,18:50:32,0.0,0.0,0.0,0,SIMDISABLE
3141,18:51:36,274,F,LAUNCH_PAD,-0.2,20.6,101.3,0.0,-2.0,1.8,-0.7,0.1,-0.0,1.0,0.3,-0.2,-0.3,0.0,18:50:33,0.0,0.0,0.0,0,SIMDISABLE
3141,18:51:37,275,F,LAUNCH_PAD,-0.2,20.6,101.3,0.0,-2.1,2.1,-0.7,0.1,-0.0,1.0,0.3,-0.2,-0.3,0.0,18:50:34,0.0,0.0,0.0,0,SIMDISABLE
3141,18:51:38,276,F,LAUNCH_PAD,-0.3,20.6,101.3,0.0,-2.0,2.0,-0.7,0.1,-0.0,1.0,0.3,-0.2,-0.3,0.0,18:50:35,0.0,0.0,0.0,0,SIMDISABLE
3141,18:51:39,277,F,LAUNCH_PAD,-0.3,20.6,101.3,0.0,-2.1,2.0,-0.6,0.1,-0.0,1.0,0.3,-0.2,-0.3,0.0,18:50:36,0.0,0.0,0.0,0,SIMDISABLE
3141,18:51:40,278,F,LAUNCH_PAD,-0.5,20.7,101.3,0.0,-2.2,2.1,-0.8,0.1,-0.0,1.0,0.3,-0.2,-0.3,0.0,18:50:37,0.0,0.0,0.0,0,SIMDISABLE
3141,18:51:41,279,F,LAUNCH_PAD,-0.6,20.7,101.3,0.0,-2.0,2.1,-0.6,0.1,-0.0,1.0,0.3,-0.2,-0.3,0.0,18:50:38,0.0,0.0,0.0,0,SIMDISABLE
3141,18:51:42,280,F,LAUNCH_PAD,-0.2,20.6,101.3,0.0,-2.1,2.0,-0.7,0.1,-0.0,1.0,0.3,-0.2,-0.3,0.0,18:50:39,0.0,0.0,0.0,0,SIMDISABLE
3141,18:51:43,281,F,LAUNCH_PAD,-0.5,20.6,101.3,0.0,-2.1,2.0,-0.8,0.1,-0.0,1.0,0.3,-0.2,-0.3,0.0,18:50:40,0.0,0.0,0.0,0,SIMDISABLE
3141,18:51:44,282,F,LAUNCH_PAD,-0.5,20.6,101.3,0.0,-2.1,2.0,-0.6,0.1,-0.0,1.0,0.3,-0.2,-0.3,0.0,18:50:04,0.0,0.0,0.0,0,SIMDISABLE
